<?xml version="1.0" encoding="UTF-8"?>
<marc:collection xmlns:marc="http://www.loc.gov/MARC21/slim">
<marc:record>
    <marc:leader>00799 am a2200265ua 4500</marc:leader>
    <marc:controlfield tag="001">010161860</marc:controlfield>
    <marc:controlfield tag="005">20141220110900.0</marc:controlfield>
    <marc:controlfield tag="008">860904s1984    fr     ||    |||| 1|fre  </marc:controlfield>
    <marc:datafield tag="020" ind1=" " ind2=" ">
        <marc:subfield code="a">270211301X</marc:subfield>
    </marc:datafield>
    <marc:datafield tag="041" ind1="1" ind2=" ">
        <marc:subfield code="a">fre</marc:subfield>
        <marc:subfield code="h">nor</marc:subfield>
    </marc:datafield>
    <marc:datafield tag="041" ind1="1" ind2=" ">
        <marc:subfield code="a">fre</marc:subfield>
        <marc:subfield code="9">created from marc:controlfield</marc:subfield>
    </marc:datafield>
    <marc:datafield tag="100" ind1="1" ind2=" ">
        <marc:subfield code="a">Hamsun, Knut</marc:subfield>
        <marc:subfield code="d">1859-1952.</marc:subfield>
        
        <marc:subfield code="4">aut</marc:subfield>
        <marc:subfield code="1p">http://viaf.org/viaf/59083692</marc:subfield>
    </marc:datafield>
    <marc:datafield tag="240" ind1="1" ind2="0">
        <marc:subfield code="a">Segelfoss by</marc:subfield>
        <marc:subfield code="k">novel</marc:subfield>
        <marc:subfield code="l">fre</marc:subfield>
        <marc:subfield code="1">http://viaf.org/viaf/207944253</marc:subfield>
        <marc:subfield code="1w">http://viaf.org/viaf/207944253</marc:subfield>
    </marc:datafield>
    <marc:datafield tag="245" ind1="1" ind2="3">
        <marc:subfield code="a">La ville de Segelfoss :</marc:subfield>
        <marc:subfield code="b">roman /</marc:subfield>
        <marc:subfield code="c">Knut Hamsun ; traduit du norvégien par Régis
            Boyer.</marc:subfield>
    </marc:datafield>
    <marc:datafield tag="260" ind1=" " ind2=" ">
        <marc:subfield code="a">[Paris] :</marc:subfield>
        <marc:subfield code="b">Calmann-Lévy,</marc:subfield>
        <marc:subfield code="c">1984.</marc:subfield>
    </marc:datafield>
    <marc:datafield tag="300" ind1=" " ind2=" ">
        <marc:subfield code="a">306p.</marc:subfield>
    </marc:datafield>
    <marc:datafield tag="336" ind1=" " ind2=" ">
        <marc:subfield code="a">text</marc:subfield>
        <marc:subfield code="2">rdacontent</marc:subfield>
    </marc:datafield>
    <marc:datafield tag="337" ind1=" " ind2=" ">
        <marc:subfield code="a">print</marc:subfield>
        <marc:subfield code="2">rdamedia</marc:subfield>
    </marc:datafield>
    <marc:datafield tag="338" ind1=" " ind2=" ">
        <marc:subfield code="a">volume</marc:subfield>
        <marc:subfield code="b">http://rdaregistry.info/termList/RDACarrierType/1049</marc:subfield>
        <marc:subfield code="2">rdacarrier</marc:subfield>
    </marc:datafield>
    <marc:datafield tag="490" ind1="0" ind2=" ">
        <marc:subfield code="a">"Traduit de”</marc:subfield>
    </marc:datafield>
    <marc:datafield tag="700" ind1="1" ind2=" ">
        <marc:subfield code="a">Boyer, Régis.</marc:subfield>
        <marc:subfield code="4">trl</marc:subfield>
        <marc:subfield code="1p">boyerregis</marc:subfield>
    </marc:datafield>
    <marc:datafield tag="700" ind1="1" ind2=" ">
        <marc:subfield code="a">Hamsun, Knut</marc:subfield>
        <marc:subfield code="d">1859-1952</marc:subfield>
        <marc:subfield code="4">http://rdaregistry.info/Elements/w/P10226</marc:subfield>
        <marc:subfield code="1p">http://viaf.org/viaf/59083692</marc:subfield>
        <marc:subfield code="t">Børn av tiden</marc:subfield>
        <marc:subfield code="k">novel</marc:subfield>
        <marc:subfield code="1w">http://viaf.org/viaf/8450149068552765730000</marc:subfield>
    </marc:datafield>
</marc:record>
</marc:collection>
